Chomsky, Noam. 1986. Knowledge of language. New York: Praeger.
McCarthy, John J. & Alan S. Prince. 1999. Prosodic morphology. In John A. Goldsmith (ed.), Phonological theory: The essential readings, 238-288. Malden, MA & Oxford:Blackwell.
Rissanen, Matti. 1999. Syntax. In Roger Lass (ed.), Cambridge History of the English Language, vol. 3, 187-331. Cambridge & New York: Cambridge University Press.
Webelhuth, Gert (ed.). 1995. Government and binding theory and the minimalist program: Principles and parameters in syntactic theory. Oxford: Blackwell.
